@string{cacm = {Communications of the ACM}}

@inproceedings{spark,
    author = {Foley, Tim and Hanrahan, Pat},
    title = {Spark: Modular, Composable Shaders for Graphics Hardware},
    booktitle = siggraph,
    year = {2011},
}

@inproceedings{spire,
    author = {Yong He and Tim Foley and Kayvon Fatahalian},
    title = {A System for Rapid Exploration of Shader Optimization Choices},
    booktitle = siggraph,
    year = {2016},
}

@inproceedings{braid,
    title = {Static Stages for Heterogeneous Programming},
    author = {Adrian Sampson and
            Kathryn S McKinley and
            Todd Mytkowicz},
    booktitle = oopsla,
    year = 2017,
}

@inproceedings{safegi,
	title = {{SafeGI}: Type Checking to Improve Correctness in Rendering System Implementation},
	author = {Jiawei Ou and
	Fabio Pellacini},
	booktitle = egsr,
	year = 2010,
}

@inproceedings{acad,
    title = {Functional Programming for Compiling and Decompiling Computer-Aided Design},
    author = {Chandrakana Nandi and
            James R. Wilcox and
            Pavel Panchekha and
            Taylor Blau and
            Dan Grossman and
            Zachary Tatlock},
    booktitle = icfp,
    year = 2018,
}

@inproceedings{spatial,
    title = {Functional Programming for Compiling and Decompiling Computer-Aided Design},
    author = {Daniel J. Fremont and
            Tommaso Dreossi and
            Shromona Ghosh and
            Xiangyu Yue and
            Alberto L. Sangiovanni-Vincentelli and
            Sanjit A. Seshia},
    booktitle = pldi,
    year = 2019,
}

@manual{glsl,
    title = {The OpenGL ES Shading Language},
    organization = {The Khronos Group Inc.},
    edition = {1.0}
}

@article{phong,
    author = {Phong, Bui Tuong},
    title = {Illumination for Computer Generated Pictures},
    journal = cacm,
    volume = {18},
    number = {6},
    month = jun,
    year = {1975},
    pages = {311--317},
}

@misc{direct3d,
    author = {Microsoft},
    title = {{Direct3D}},
    note = {\url{https://msdn.microsoft.com/en-us/library/windows/desktop/hh309466(v=vs.85).aspx}},
    year = {2008},
}

@inproceedings{hanrahan90,
    author = {Hanrahan, Pat and Lawson, Jim},
    title = {A Language for Shading and Lighting Calculations},
    booktitle = siggraph,
    year = {1990},
}

@inproceedings{lfogl,
    author = {Adrian Sampson},
    title = {{Let's Fix OpenGL}},
    booktitle = snapl,
    year = {2017},
}

@misc{vulkan,
    title={{Khronos} {Vulkan} Registry},
    note={\url{https://www.khronos.org/registry/vulkan/}},
}

@misc{metal,
    author = {Apple},
    title = {{Metal}},
    note = {\url{https://developer.apple.com/metal/}},
}

@manual{opengl,
    author = {Mark Segal and Kurt Akeley},
    title = {The {OpenGL} 4.5 Graphics System: A Specification},
    note = {\url{https://www.opengl.org/registry/doc/glspec45.core.pdf}},
    year = 2017,
    month = jun,
    date = 29,
}

@misc{webgl,
    author = {Dean Jackson and Jeff Gilbert},
    title = {{WebGL} Specification},
    note = {\url{https://www.khronos.org/registry/webgl/specs/latest/1.0/}},
    year = 2015,
}

@misc{homogeneous,
    author = {Tom Davis},
    title = {Homogeneous Coordinates and Computer Graphics},
    note = {\url{http://www.geometer.org/mathcircles/cghomogen.pdf}},
    year = {2001}
}

@inproceedings{cqual,
    author = {Foster, Jeffrey S. and F\"{a}hndrich, Manuel and Aiken, Alexander},
    title = {A Theory of Type Qualifiers},
    booktitle = pldi,
    year = {1999},
}

@inproceedings{unit,
    author = {Kennedy, Andrew J.},
    title = {Relational Parametricity and Units of Measure},
    booktitle = popl,
    year = {1997},
}

@inproceedings{dimension,
    author = {Kennedy, Andrew J.},
    title = {Dimension Types},
    booktitle = esop,
    year = {1994},
}

@inproceedings{apl,
    author = {England, James W},
    title = {Calculus and Linear Algebra in APL},
    booktitle = {The American Mathematical Monthly},
    year = {1978},
}

@misc{naming,
    author = {Sylvan, Sebastian},
    title = {Naming Convention for Matrix Math},
    note = {\url{https://www.sebastiansylvan.com/post/matrix_naming_convention/}},
    year = {2017},
}

@book{linalg,
    author = {Lang, Serge},
    title = {Linear Algebra},
    year = {1966},
    publisher = {Springer},
}

@article{tost,
  title={A comparison of the Two One-Sided Tests Procedure and the Power Approach for assessing the equivalence of average bioavailability},
  author={Donald J. Schuirmann},
  journal={Journal of Pharmacokinetics and Biopharmaceutics},
  year={2005},
  volume={15},
  pages={657--680}
}

@inproceedings{commutativity,
author = {Aditi Kabra and Dietrich Geisler and Adrian Sampson},
title = {Online Verification of Commutativity},
booktitle = tapas,
year = {2020},
}
