@string{cacm = {Communications of the ACM}}

@inproceedings{spark,
    author = {Foley, Tim and Hanrahan, Pat},
    title = {Spark: Modular, Composable Shaders for Graphics Hardware},
    booktitle = siggraph,
    year = {2011},
}

@inproceedings{spire,
    author = {Yong He and Tim Foley and Kayvon Fatahalian},
    title = {A System for Rapid Exploration of Shader Optimization Choices},
    booktitle = siggraph,
    year = {2016},
}

@inproceedings{braid,
    title = {Static Stages for Heterogeneous Programming},
    author = {Adrian Sampson and
            Kathryn S McKinley and
            Todd Mytkowicz},
    booktitle = oopsla,
    year = 2017,
}

@inproceedings{safegi,
	title = {{SafeGI}: Type Checking to Improve Correctness in Rendering System Implementation},
	author = {Jiawei Ou and
	Fabio Pellacini},
	booktitle = egsr,
	year = 2010,
}

@inproceedings{acad,
    title = {Functional Programming for Compiling and Decompiling Computer-Aided Design},
    author = {Chandrakana Nandi and
            James R. Wilcox and
            Pavel Panchekha and
            Taylor Blau and
            Dan Grossman and
            Zachary Tatlock},
    booktitle = icfp,
    year = 2018,
}

@inproceedings{spatial,
    title = {Functional Programming for Compiling and Decompiling Computer-Aided Design},
    author = {Daniel J. Fremont and
            Tommaso Dreossi and
            Shromona Ghosh and
            Xiangyu Yue and
            Alberto L. Sangiovanni-Vincentelli and
            Sanjit A. Seshia},
    booktitle = pldi,
    year = 2019,
}

@manual{glsl,
    title = {The OpenGL ES Shading Language},
    organization = {The Khronos Group Inc.},
    edition = {1.0}
}

@article{phong,
    author = {Phong, Bui Tuong},
    title = {Illumination for Computer Generated Pictures},
    journal = cacm,
    volume = {18},
    number = {6},
    month = jun,
    year = {1975},
    pages = {311--317},
}

@misc{direct3d,
    author = {Microsoft},
    title = {{Direct3D}},
    note = {\url{https://msdn.microsoft.com/en-us/library/windows/desktop/hh309466(v=vs.85).aspx}},
    year = {2008},
}

@misc{webgsl,
	author = {Mozilla},
	title = {{WebGL}},
	note = {\url{https://developer.mozilla.org/en-US/docs/Web/API/WebGL_API}},
	year = {2011},
}

@misc{wgpu,
	title = {{WGPU}},
	note = {\url{https://github.com/gfx-rs/wgpu}},
	year = {2019},
}

@inproceedings{hanrahan90,
    author = {Hanrahan, Pat and Lawson, Jim},
    title = {A Language for Shading and Lighting Calculations},
    booktitle = siggraph,
    year = {1990},
}

@inproceedings{lfogl,
    author = {Adrian Sampson},
    title = {{Let's Fix OpenGL}},
    booktitle = snapl,
    year = {2017},
}

@misc{vulkan,
    title={{Khronos} {Vulkan} Registry},
    note={\url{https://www.khronos.org/registry/vulkan/}},
}

@misc{metal,
    author = {Apple},
    title = {{Metal}},
    note = {\url{https://developer.apple.com/metal/}},
}

@manual{opengl,
    author = {Mark Segal and Kurt Akeley},
    title = {The {OpenGL} 4.5 Graphics System: A Specification},
    note = {\url{https://www.opengl.org/registry/doc/glspec45.core.pdf}},
    year = 2017,
    month = jun,
    date = 29,
}

@misc{webgl,
    author = {Dean Jackson and Jeff Gilbert},
    title = {{WebGL} Specification},
    note = {\url{https://www.khronos.org/registry/webgl/specs/latest/1.0/}},
    year = 2015,
}

@misc{homogeneous,
    author = {Tom Davis},
    title = {Homogeneous Coordinates and Computer Graphics},
    note = {\url{http://www.geometer.org/mathcircles/cghomogen.pdf}},
    year = {2001}
}

@inproceedings{cqual,
    author = {Foster, Jeffrey S. and F\"{a}hndrich, Manuel and Aiken, Alexander},
    title = {A Theory of Type Qualifiers},
    booktitle = pldi,
    year = {1999},
}

@inproceedings{unit,
    author = {Kennedy, Andrew J.},
    title = {Relational Parametricity and Units of Measure},
    booktitle = popl,
    year = {1997},
}

@inproceedings{dimension,
    author = {Kennedy, Andrew J.},
    title = {Dimension Types},
    booktitle = esop,
    year = {1994},
}

@inproceedings{apl,
    author = {England, James W},
    title = {Calculus and Linear Algebra in APL},
    booktitle = {The American Mathematical Monthly},
    year = {1978},
}

@misc{naming,
    author = {Sylvan, Sebastian},
    title = {Naming Convention for Matrix Math},
    note = {\url{https://www.sebastiansylvan.com/post/matrix_naming_convention/}},
    year = {2017},
}

@book{linalg,
    author = {Lang, Serge},
    title = {Linear Algebra},
    year = {1966},
    publisher = {Springer},
}

@article{tost,
  title={A comparison of the Two One-Sided Tests Procedure and the Power Approach for assessing the equivalence of average bioavailability},
  author={Donald J. Schuirmann},
  journal={Journal of Pharmacokinetics and Biopharmaceutics},
  year={2005},
  volume={15},
  pages={657--680}
}

@inproceedings{commutativity,
author = {Aditi Kabra and Dietrich Geisler and Adrian Sampson},
title = {Online Verification of Commutativity},
booktitle = tapas,
year = {2020},
}

@article{commutative,
author = {Kazuo Murota},
title = {Homotopy Base of an Acyclic Graph—a Combinatorial Analysis of Commutative Diagrams by Means of Preordered Matroid},
year = {1987},
volume = {17},
number = {1--2},
journal = {Discrete Appl. Math.},
month = may,
pages = {135--155},
}

@inproceedings{gator,
author = {Dietrich Geisler and
          Irene Yoon and
          Aditi Kabra and
          Horace He and
          Yinnon Sanders and
          Adrian Sampson},
title = {Geometry Types for Graphics Programming},
year = {2020},
booktitle = {OOPSLA},
}

@article{johnson,
  title={Finding All the Elementary Circuits of a Directed Graph},
  author={Donald B. Johnson},
  journal={SIAM J. Comput.},
  year={1975},
  volume={4},
  pages={77-84}
}

@misc{frink,
  title = {Frink},
  howpublished = {\url{http://frinklang.org/#Features}},
  note = {Accessed: 2020-08-10}
}

@inproceedings{unitsOfMeasure,
author = {Kennedy, Andrew},
title = {Types for Units-of-Measure: Theory and Practice},
year = {2009},
isbn = {3642176844},
publisher = {Springer-Verlag},
address = {Berlin, Heidelberg},
booktitle = {Proceedings of the Third Summer School Conference on Central European Functional Programming School},
pages = {268–305},
numpages = {38},
location = {Budapest, Hungary},
series = {CEFP’09}
}
  
@inproceedings{gnat,
author = {Schonberg, Edmond and Pucci, Vincent},
title = {Implementation of a Simple Dimensionality Checking System in Ada 2012},
year = {2012},
isbn = {9781450315050},
publisher = {Association for Computing Machinery},
address = {New York, NY, USA},
url = {https://doi.org/10.1145/2402676.2402692},
doi = {10.1145/2402676.2402692},
booktitle = {Proceedings of the 2012 ACM Conference on High Integrity Language Technology},
pages = {35–42},
numpages = {8},
keywords = {system of units, ada 2012, dimensionality checking},
location = {Boston, Massachusetts, USA},
series = {HILT ’12}
}
  
@article{acceleratorsurvey,
title = {A survey on hardware accelerators: Taxonomy, trends, challenges, and perspectives},
journal = {Journal of Systems Architecture},
volume = {129},
pages = {102561},
year = {2022},
issn = {1383-7621},
doi = {https://doi.org/10.1016/j.sysarc.2022.102561},
url = {https://www.sciencedirect.com/science/article/pii/S1383762122001138},
author = {Biagio Peccerillo and Mirco Mannino and Andrea Mondelli and Sandro Bartolini},
keywords = {Accelerators, Domain-Specific Architectures, Survey, Taxonomy, Classification, Data-parallel, Machine Learning, PIM, CGRA, Open challenges, Future research directions},
}

@ARTICLE{nnacceleration,
author={Deng, Lei and Li, Guoqi and Han, Song and Shi, Luping and Xie, Yuan},
journal={Proceedings of the IEEE}, 
title={Model Compression and Hardware Acceleration for Neural Networks: A Comprehensive Survey}, 
year={2020},
volume={108},
number={4},
pages={485-532},
keywords={Neural networks;Tensor decomposition;Data quantization;Acceleration;Program processors;Machine learning;Task analysis;Compact neural network;data quantization;neural network acceleration;neural network compression;sparse neural network;tensor decomposition},
doi={10.1109/JPROC.2020.2976475}}

@inproceedings{gpgpuopti,
author = {Yang, Yi and Xiang, Ping and Kong, Jingfei and Zhou, Huiyang},
title = {A GPGPU compiler for memory optimization and parallelism management},
year = {2010},
isbn = {9781450300193},
publisher = {Association for Computing Machinery},
address = {New York, NY, USA},
url = {https://doi.org/10.1145/1806596.1806606},
doi = {10.1145/1806596.1806606},
booktitle = {Proceedings of the 31st ACM SIGPLAN Conference on Programming Language Design and Implementation},
pages = {86–97},
numpages = {12},
keywords = {gpgpu, compiler},
location = {Toronto, Ontario, Canada},
series = {PLDI '10}
}

@inproceedings{cudaevolve,
author={Langdon, W. B. and Harman, M.},
booktitle={IEEE Congress on Evolutionary Computation}, 
title={Evolving a CUDA kernel from an nVidia template}, 
year={2010},
volume={},
number={},
pages={1-8},
keywords={Grammar;Kernel;Humans;Training data;Graphics processing unit;Training;Testing},
doi={10.1109/CEC.2010.5585922}}

@article{cuda,
title = {CUDA: Compiling and optimizing for a GPU platform},
journal = {Procedia Computer Science},
volume = {9},
pages = {1910-1919},
year = {2012},
note = {Proceedings of the International Conference on Computational Science, ICCS 2012},
issn = {1877-0509},
doi = {https://doi.org/10.1016/j.procs.2012.04.209},
url = {https://www.sciencedirect.com/science/article/pii/S1877050912003304},
author = {Gautam Chakrabarti and Vinod Grover and Bastiaan Aarts and Xiangyun Kong and Manjunath Kudlur and Yuan Lin and Jaydeep Marathe and Mike Murphy and Jian-Zhong Wang},
keywords = {CUDA, GPGPU, compiler optimizations},
}

@misc{opencl,
	author = {Khronos},
	title = {OpenCL},
	note = {\url{https://www.khronos.org/opencl/}},
	year = {2009},
}


@inproceedings{maurer2017compiling,
author = {Maurer, Luke and Ariola, Zena and Downen, Paul and Peyton Jones, Simon},
title = {Compiling without continuations},
booktitle = {ACM Conference on Programming Languages Design and Implementation (PLDI'17)},
year = {2017},
month = {June},
publisher = {ACM},
url = {https://www.microsoft.com/en-us/research/publication/compiling-without-continuations/},
pages = {482-494},
}


@article{halide,
	author = {Ragan-Kelley, Jonathan and Barnes, Connelly and Adams, Andrew and Paris, Sylvain and Durand, Fr\'{e}do and Amarasinghe, Saman},
	title = {Halide: a language and compiler for optimizing parallelism, locality, and recomputation in image processing pipelines},
	year = {2013},
	issue_date = {June 2013},
	publisher = {Association for Computing Machinery},
	address = {New York, NY, USA},
	volume = {48},
	number = {6},
	issn = {0362-1340},
	url = {https://doi.org/10.1145/2499370.2462176},
	doi = {10.1145/2499370.2462176},
	journal = {SIGPLAN Not.},
	month = {jun},
	pages = {519–530},
	numpages = {12},
	keywords = {autotuning, compiler, domain specific language, gpu, image processing, locality, optimization, parallelism, redundant computation, vectorization}
}

@article{taco,
	author = {Kjolstad, Fredrik and Kamil, Shoaib and Chou, Stephen and Lugato, David and Amarasinghe, Saman},
	title = {The tensor algebra compiler},
	year = {2017},
	issue_date = {October 2017},
	publisher = {Association for Computing Machinery},
	address = {New York, NY, USA},
	volume = {1},
	number = {OOPSLA},
	url = {https://doi.org/10.1145/3133901},
	doi = {10.1145/3133901},
	journal = {Proc. ACM Program. Lang.},
	month = {oct},
	articleno = {77},
	numpages = {29},
	keywords = {tensors, tensor algebra, sparse data structures, performance, parallelism, merge lattices, linear algebra, iteration graphs, code generation}
}

@inproceedings{exo,
	author = {Ikarashi, Yuka and Bernstein, Gilbert Louis and Reinking, Alex and Genc, Hasan and Ragan-Kelley, Jonathan},
	title = {Exocompilation for productive programming of hardware accelerators},
	year = {2022},
	isbn = {9781450392655},
	publisher = {Association for Computing Machinery},
	address = {New York, NY, USA},
	url = {https://doi.org/10.1145/3519939.3523446},
	doi = {10.1145/3519939.3523446},
	booktitle = {Proceedings of the 43rd ACM SIGPLAN International Conference on Programming Language Design and Implementation},
	pages = {703–718},
	numpages = {16},
	keywords = {user-schedulable languages, user-extensible backend \& scheduling, scheduling, program optimization, instruction abstraction, hardware accelerators},
	location = {San Diego, CA, USA},
	series = {PLDI 2022}
}

@misc{cudaguide,
	author = {NVIDIA},
	title = {Cuda Programming Guide},
	note = {\url{https://docs.nvidia.com/cuda/cuda-c-programming-guide/index.html}},
	year = {2009},
}

@misc{sycl,
	author = {Khronos},
	title = {SYCL},
	note = {\url{https://www.khronos.org/sycl/}},
	year = {2014},
}

@article{Hindley,
	title={The Principal Type-Scheme of an Object in Combinatory Logic},
	author={Roger Hindley},
	journal={Transactions of the American Mathematical Society},
	year={1969},
	volume={146},
	pages={29-60},
	url={https://api.semanticscholar.org/CorpusID:7223700}
}

@misc{cranelift,
	author = {Bytecode Alliance},
	title = {Cranelift},
	note = {\url{https://cranelift.dev/}},
	year = {2016},
}

@inproceedings{llvm,
	author = {Lattner, Chris and Adve, Vikram},
	title = {LLVM: A Compilation Framework for Lifelong Program Analysis \& Transformation},
	year = {2004},
	isbn = {0769521029},
	publisher = {IEEE Computer Society},
	address = {USA},
	booktitle = {Proceedings of the International Symposium on Code Generation and Optimization: Feedback-Directed and Runtime Optimization},
	pages = {75},
	location = {Palo Alto, California},
	series = {CGO '04}
}

@article{coercion,
	title = {Inheritance as implicit coercion},
	journal = {Information and Computation},
	volume = {93},
	number = {1},
	pages = {172-221},
	year = {1991},
	note = {Selections from 1989 IEEE Symposium on Logic in Computer Science},
	issn = {0890-5401},
	doi = {https://doi.org/10.1016/0890-5401(91)90055-7},
	url = {https://www.sciencedirect.com/science/article/pii/0890540191900557},
	author = {Val Breazu-Tannen and Thierry Coquand and Carl A. Gunter and Andre Scedrov},
}