@string{pldi = {{ACM} Conference on Programming Language Design and
    Implementation (PLDI)}}

@string{pepm = {{ACM SIGPLAN} Workshop on Partial Evaluation and Program
    Manipulation (PEPM)}}

@string{oopsla = {{ACM} Conference on Object-Oriented Programming, Systems,
    Languages, and Applications (OOPSLA)}}

@string{gpce = {International Conference on Generative Programming and
    Component Engineering (GPCE)}}

@string{ppopp = {{ACM SIGPLAN} Symposium on Principles and Practice of Parallel
    Programming (PPoPP)}}

@string{flops = {International Symposium on Functional and Logic Programming
    (FLOPS)}}

@string{isca = {International Symposium on Computer Architecture (ISCA)}}

@string{ieeedandt = {IEEE Design \& Test}}

@string{icfp = {{ACM SIGPLAN} International Conference on Functional
    Programming (ICFP)}}

@string{esop = {European Symposium on Programming (ESOP)}}

@string{siggraph = {SIGGRAPH}}

@string{ghardware = {{ACM} {SIGGRAPH/EUROGRAPHICS} Conference on Graphics
    Hardware}}

@string{sc = {{ACM/IEEE} Conference on Supercomputing}}

@string{ecoop = {European conference on Object-Oriented Programming (ECOOP)}}

@string{popl = {{ACM SIGPLAN--SIGACT} Symposium on Principles of Programming Languages (POPL)}}

@string{siggraphasia = {SIGGRAPH Asia}}

@string{ijhpca = {International Journal of High Performance Computing Applications}}

@string{jfp = {Journal of Functional Programming}}

@string{tog = {ACM Transactions on Graphics}}

@string{cacm = {Communications of the ACM}}

@string{asplos = {International Conference on Architectural Support for
    Programming Languages and Operating Systems (ASPLOS)}}

@string{fhpc = {Workshop on Functional High-Performance Computing (FHPC)}}

@string{pact = {International Conference on Parallel Architectures and
    Compilation Techniques (PACT)}}

@string{array = {International Workshop on Libraries, Languages, and Compilers
    for Array Programming (ARRAY)}}

@string{cvpr = {Conference on Computer Vision and Pattern Recognition (CVPR)}}

@string{mobisys = {Conference on Mobile Systems, Applications, and Services
    (MobiSys)}}

@string{isscc = {IEEE International Solid-State Circuits Conference (ISSCC)}}

@string{tocs = {ACM Transactions on Computer Systems (TOCS)}}

@string{hpca = {International Symposium on High-Performance Computer
    Architecture (HPCA)}}

@string{cal = {IEEE Computer Architecture Letters}}

@string{snapl = {Summit on Advances in Programming Languages (SNAPL)}}

@string{iccad = {IEEE International Conference on Computer-Aided Design (ICCAD)}}

@string{wax = {Workshop on Approximate Computing Across the Stack (WAX)}}

@string{iclr = {International Conference on Learning Representations (ICLR)}}

@string{nips = {Advances in Neural Information Processing Systems (NeurIPS)}}

@string{iccv = {IEEE International Conference on Computer Vision (ICCV)}}

@string{fpga = {International Symposium on Field-Programmable Gate Arrays
    (FPGA)}}

@string{icml = {International Conference on Machine Learning (ICML)}}

@string{eccv = {European Conference on Computer Vision (ECCV)}}

@string{iiswc = {IEEE International Symposium on Workload Characterization
    (IISWC)}}

@string{kdd = {ACM SIGKDD Conference on Knowledge Discovery and Data Mining
  (KDD)}}

@string{ijcai = {International Joint Conferences on Artificial
    Intelligence (IJCAI)}}

@string{imageproc = {Trans. Image Processing}}

@string{jssc = {J. Solid-State Circuits}}

@string{dac = {Design Automation Conference (DAC)}}

@string{egsr = {Eurographics Conference on Rendering (EGSR)}}

@string{tapas = {Workshop on Tools for Automatic Program Analysis (TAPAS)}}
